@book{Augusto,
    title = {Nociones de la memoria del computador},
    author = {Augusto Enrique Salazar Jimenez},
    keywords = {Informatica},
}

@online{RAM,
    author = "Significados",
    title = "Memoria RAM",
    url  = "https://www.significados.com/memoria-ram/",
    addendum = "(accessed: 07.09.2020)",
    keywords = "Memoria, RAM, Computador",
} 

@online{ROM,
    author = "Maria Estela Raffino",
    title = "Memoria ROM",
    url  = "https://concepto.de/memoria-rom/",
    addendum = "(accessed: 07.09.2020)",
    keywords = "Memoria, ROM, Computador",
} 

@online{Video,
    author = "PC COMPONENTES",
    title = "¿Que es la VRAM o memoria de video?",
    url  = "https://www.pccomponentes.com/vram-memoria-de-video",
    addendum = "(accessed: 07.09.2020)",
    keywords = "Memoria, VRAM,Video, GPU,Computador",
} 

@online{Virtual,
    author = "ACER",
    title = "¿Que es la memoria virtual?",
    url  = "https://mxrola.answers.acer.com/app/answers/detail/a_id/8176/~/¿qué-es-memoria-virtual",
    addendum = "(accessed: 07.09.2020)",
    keywords = "Memoria, Virtual, Computador",
} 

